@article{spain,
  title = {Sentiment Analysis to Measure Quality and Build Sustainability in
           Tourism Destinations},
  author = {Borrajo-Millán, Fernando and Alonso-Almeida, María-del-Mar and
            Escat-Cortes, María and Yi, Liu},
  url = {https://doi.org/10.3390/su13116015},
  date = {2021},
  journal = {Sustainability},
  volume = {13},
  number = {11},
}

@article{github,
  title = {Sentiment analysis of commit comments in {GitHub}: An empirical study
           },
  author = {Guzman, Emitza and Azócar, David and Li, Yang},
  url = {
         https://www.researchgate.net/profile/Emitza_Guzman/publication/266657943_Sentiment_analysis_of_commit_comments_in_GitHub_An_empirical_study/links/5b8305ba4585151fd134f10c/Sentiment-analysis-of-commit-comments-in-GitHub-An-empirical-study.pdf
         },
  date = {2014},
}

@article{khoo,
  title = {Lexicon-based sentiment analysis: Comparative evaluation of six
           sentiment lexicons},
  author = {Khoo, Christopher S. G. and Johnkhan, Sathik Basha},
  url = {https://hdl.handle.net/10356/83570},
  date = {2017},
  journal = {Journal of Information Science},
}

@article{stock,
  author = {Sohangir, Sahar and Wang, Dinding and Pomeranets, Anna and
            Khoshgoftaar, Taghi M.},
  title = {{Big Data}: Deep learning for financial sentiment analysis},
  url = {https://doi.org/10.1186/s40537-017-0111-6},
  date = {2018},
  journal = {Journal of Big Data},
  volume = {5},
  number = {3},
}

@article{thelwall,
  title = {Sentiment strength detection in short informal text},
  author = {Thelwall, Mike and Buckley, Kevan and Paltoglou, Georgios and Cai,
            Di and Kappas, Arvid},
  date = {2010},
  journal = {Journal of the American Society for Information Science and
             Technology},
}

@article{dekay,
  author = {Toh, Rex S. and Raven, Peter and DeKay, Charles F.},
  title = {Travel planning: Searching for and booking hotels on the {Internet}},
  url = {https://doi.org/10.1177/1938965511418779},
  journal = {Cornell Hospitality Quarterly},
  volume = {52},
  number = {4},
  pages = {388-398},
  date = {2011},
}

@report{tripadvisor,
  date = {2019},
  author = {TripAdvisor},
  url = {
         https://www.tripadvisor.co.id/TripAdvisorInsights/wp-content/uploads/2019/09/2147_PR_Content_Transparency_Report_6SEP19_US.pdf
         },
  title = {{2019 TripAdvisor Review Transparency Report}},
}

@article{twitter,
  url = {https://doi.org/10.3390/info12050204},
  journal = {Information},
  volume = {12},
  number = {5},
  pages = {204},
  date = {2021},
  title = {Twitter Sentiment Analysis towards {COVID--19} Vaccines in the {
           Philippines} using {Na{\"i}ve--Bayes}},
  author = {Villavicencio, Charlyn and Macrohon, Julio Jerison and Inbaraj, X.
            Alphonse and Jeng, Jyh-Horng and Hsieh, Jer-Guang},
}
