@article{spain,
  title = {Sentiment Analysis to Measure Quality and Build Sustainability in Tourism Destinations},
  author = {Borrajo-Millán, Fernando and Alonso-Almeida, María-del-Mar and Escat-Cortes, María and Yi, Liu},
  url = {https://doi.org/10.3390/su13116015},
  date = {2021},
}
