@article{spain,
	author = {Borrajo-Millán, Fernando and Alonso-Almeida, María-del-Mar and
	          Escat-Cortes, María and Yi, Liu},
	title = {Sentiment Analysis to Measure Quality and Build Sustainability in
	         Tourism Destinations},
	journal = {Sustainability},
	volume = {13},
	year = {2021},
	number = {11},
	article-number = {6015},
	url = {https://www.mdpi.com/2071-1050/13/11/6015},
	issn = {2071-1050},
	doi = {10.3390/su13116015},
}

@article{github,
	author = {Guzman, Emitza and Azócar, David and Li, Yang},
	year = {2014},
	month = {05},
	pages = {},
	title = {Sentiment analysis of commit comments in {GitHub}: An empirical study
	         },
	isbn = {978-1-4503-2863-0},
	journal = {11th Working Conference on Mining Software Repositories, MSR 2014 -
	           Proceedings},
	doi = {10.1145/2597073.2597118},
	url = {
	       https://www.researchgate.net/publication/266657943_Sentiment_analysis_of_commit_comments_in_GitHub_An_empirical_study/citation/download
	       },
}

@article{khoo,
	title = {Lexicon-based sentiment analysis: Comparative evaluation of six
	         sentiment lexicons},
	author = {Khoo, Christopher S. G. and Johnkhan, Sathik Basha},
	url = {https://hdl.handle.net/10356/83570},
	date = {2017},
	journal = {Journal of Information Science},
	issn = {0165-5515},
	doi = {10.1177/0165551517703514},
	school = {Wee Kim Wee School of Communication and Information},
}

@article{stock,
	author = {Sohangir, Sahar and Wang, Dingding and Pomeranets, Anna and
	          Khoshgoftaar, Taghi M.},
	title = {Big Data: Deep Learning for financial sentiment analysis},
	journal = {Journal of Big Data},
	year = {2018},
	month = {01},
	day = {25},
	volume = {5},
	number = {1},
	pages = {3},
	issn = {2196-1115},
	doi = {10.1186/s40537-017-0111-6},
	url = {https://doi.org/10.1186/s40537-017-0111-6},
}

@article{thelwall,
	author = {Thelwall, Mike and Buckley, Kevan and Paltoglou, Georgios and Cai,
	          Di and Kappas, Arvid},
	title = {Sentiment strength detection in short informal text},
	journal = {Journal of the American Society for Information Science and
	           Technology},
	volume = {61},
	number = {12},
	pages = {2544-2558},
	doi = {https://doi.org/10.1002/asi.21416},
	url = {https://onlinelibrary.wiley.com/doi/abs/10.1002/asi.21416},
	eprint = {https://onlinelibrary.wiley.com/doi/pdf/10.1002/asi.21416},
	year = {2010},
}

@article{dekay,
	author = {Rex S. Toh and Charles F. DeKay and Peter Raven},
	title = {Travel Planning: Searching for and Booking Hotels on the {Internet}},
	journal = {Cornell Hospitality Quarterly},
	volume = {52},
	number = {4},
	pages = {388-398},
	year = {2011},
	doi = {10.1177/1938965511418779},
	url = { https://doi.org/10.1177/1938965511418779 },
	eprint = { https://doi.org/10.1177/1938965511418779 },
}

@report{tripadvisor,
	date = {2019},
	author = {TripAdvisor},
	url = {
	       https://www.tripadvisor.co.id/TripAdvisorInsights/wp-content/uploads/2019/09/2147_PR_Content_Transparency_Report_6SEP19_US.pdf
	       },
	title = {2019 {TripAdvisor} {Review} {Transparency} {Report}},
}

@article{twitter,
	AUTHOR = {Villavicencio, Charlyn and Macrohon, Julio Jerison and Inbaraj, X.
	          Alphonse and Jeng, Jyh-Horng and Hsieh, Jer-Guang},
	TITLE = {Twitter Sentiment Analysis towards {COVID-19} Vaccines in the
	         {Philippines} Using {Naïve} {Bayes}},
	JOURNAL = {Information},
	VOLUME = {12},
	YEAR = {2021},
	NUMBER = {5},
	ARTICLE-NUMBER = {204},
	URL = {https://www.mdpi.com/2078-2489/12/5/204},
	ISSN = {2078-2489},
	DOI = {10.3390/info12050204},
}

